@Book{knuth:84,
	author = 	 {Donald E. Knuth},
	title = 	 {The {\TeX} Book},
	publisher = 	 {Addison-Wesley},
	year = 	 {1984},
	edition = 	 {15th}
}

@InCollection{boulic:91,
	author = 	 {R. Boulic and O. Renault},
	title = 	 {3D Hierarchies for Animation},
	booktitle = 	 {New Trends in Animation and Visualization},
	publisher =    {John Wiley {\&} Sons ltd.},
	year = 	 {1991},
	editor = 	 {Nadia Magnenat-Thalmann and Daniel Thalmann}
}

@InCollection{smith:99,
	author = 	 {A. Smith and B. Jones},
	title = 	 {On the Complexity of Computing},
	booktitle = 	 {Advances in Computer Science},
	pages = 	 {555--566},
	publisher =    {Publishing Press},
	year = 	 {1999},
	editor = 	 {A. B. Smith-Jones}
}
@article{Obruca1968,
	author = {Obru{\v{c}}a, Alex K.},
	journal = {Computer Journal},
	mendeley-groups = {Dissertation},
	month = {feb},
	number = {4},
	pages = {374--377},
	publisher = {Oxford Academic},
	title = {{Spanning tree manipulation and the travelling salesman problem}},
	volume = {10},
	year = {1968}
}


@article{Boruvka1,
	author = {Borůvka, Otakar},
	title = {Příspěvek k otázce ekonomické stavby elektrovodných sítí (Contribution to the solution of a problem of economical construction
	of electrical networks)},
	journal = {Elektrotechnický obzor 15},
	year = {1926},
	pages = {153-154}
}

@article{Jarnik,
	author = {Vojtěch Jarník},
	title = {jistém problému minimálním (About a certain minimum
	problem)},
	journal = {Práce Moravské Přírodovědecké Společnosti},
	pages = {57–63},
	volume = {6},
	year = {1930}
}

@article{Boruvka2,
	author = {Borůvka, Otakar},
	title = {jistém problému minimálním (About a certain minimum
	problem)},
	journal = {Práce Moravské přírodovědecké společnosti},
	volume = {sv. III, spis 3},
	year = {1926},
	pages = {37-58}
}


@article{Kruskal1956,
	author = {Kruskal, Joseph B.},
	journal = {Proceedings of the American Mathematical Society},
	month = {feb},
	number = {1},
	pages = {48},
	publisher = {JSTOR},
	title = {{On the Shortest Spanning Subtree of a Graph and the Traveling Salesman Problem}},
	volume = {7},
	year = {1956}
}

@article{Prim1957,
	author = {Prim, R. C.},
	journal = {Bell System Technical Journal},
	number = {6},
	pages = {1389--1401},
	title = {{Shortest Connection Networks And Some Generalizations}},
	volume = {36},
	year = {1957}
}

@book{Wolsey1998,
	author = { L. A. Wolsey },
	publisher = {Wiley},
	title = {{Integer programming}},
	year = {1998}
}


@article{DeAlmeida2012,
	author = {de Almeida, Ana Maria and Martins, Pedro and de Souza, Maur{\'{i}}cio C.},
	journal = {International Transactions in Operational Research},
	keywords = {Computational complexity,Degree constrained spanning tree problems,Multicommodity flow formulations,Single-commodity flow formulations},
	month = {may},
	number = {3},
	pages = {323--352},
	title = {{Min-degree constrained minimum spanning tree problem: Complexity, properties, and formulations}},
	volume = {19},
	year = {2012}
}



@inproceedings{Deo1999AHF,
	title={A heuristic for a leaf constrained minimum spanning tree problem},
	author={N. Deo and Paulius Micikevicius},
	year={1999}
}

@article{Handler1973,
	author = {Handler, G. Y.},
	journal = {Transportation Science},
	month = {aug},
	number = {3},
	pages = {287--293},
	publisher = { INFORMS },
	title = {{Minimax Location of a Facility in an Undirected tree graph}},
	volume = {7},
	year = {1973}
}



@article{Achuthan1990,
	author = {N. R. Achutan and L. Caccetta},
	title = {Minimum Weight Spanning Trees with Bounded
	Diameter},
	journal = {Australasion Journal of Combinatorics},
	volume = {5},
	pages = {261-276},
	year = {1990}
}


@article{Achuthan19902,
	author = {N. R. Achutan and L. Caccetta},
	title = {Computational methods for the diameter restricted minimum weight spanning tree},
	journal = {Australasion Journal of Combinatorics},
	pages = {51-61},
	year = {1994}
}




@article{Obruca1968,
	author = {Obru{\v{c}}a, Alex K.},
	journal = {Computer Journal},
	mendeley-groups = {Dissertation},
	month = {feb},
	number = {4},
	pages = {374--377},
	publisher = {Oxford Academic},
	title = {{Spanning tree manipulation and the travelling salesman problem}},
	volume = {10},
	year = {1968}
}

@article{Boruvka,
	author = {Borůvka, Otakar},
	title = {jistém problému minimálním (About a certain minimum
	problem)},
	journal = {Práce Moravské přírodovědecké společnosti},
	volume = {sv. III, spis 3},
	year = {1926},
	pages = {37-58}
}

@inbook{Schrijver2005,
	author = {Schrijver, Alexander},
	booktitle = {Handbooks in Operations Research and Management Science},
	month = {jan},
	number = {C},
	pages = {1--68},
	publisher = {Elsevier},
	title = {{On the History of Combinatorial Optimization (Till 1960)}},
	volume = {12},
	year = {2005}
}


@article{Graham1985,
	author = {Graham, R. L. and Hell, Pavol},
	journal = {Annals of the History of Computing},
	keywords = {Algorithms,Theory,minimum spanning tree},
	mendeley-groups = {Dissertation},
	number = {1},
	pages = {43--57},
	title = {{On the History of the Minimum Spanning Tree Problem}},
	volume = {7},
	year = {1985}
}





@techreport{Jayawant2009,
	author = {Jayawant, Pallavi and Glavin, Kerry},
	pages = {4},
	title = {{Minimum spanning trees}},
	volume = {2},
	year = {2009}
}

@article{DosSantos2004,
	author = {{Dos Santos}, Andr{\'{e}}a C. and Lucena, Abilio and Ribeiro, Celso C.},
	issn = {16113349},
	journal = {Lecture Notes in Computer Science (including subseries Lecture Notes in Artificial Intelligence and Lecture Notes in Bioinformatics)},
	pages = {458--467},
	publisher = {Springer Verlag},
	title = {{Solving diameter constrained minimum spanning tree problems in dense graphs}},
	volume = {3059},
	year = {2004}
}

@article{Gouveia2003,
	author = {Gouveia, Luis and Magnanti, Thomas L.},
	journal = {Networks},
	keywords = {Diameter constraints,Hop-indexed models,Multicommodity flow models,Spanning trees,Steiner trees},
	month = {may},
	number = {3},
	pages = {159--173},
	title = {{Network Flow Models for Designing Diameter-Constrained Minimum-Spanning and Steiner Trees}},
	volume = {41},
	year = {2003}
}

@techreport{Gruber2005,
	author = {Gruber, Martin and Raidl, G{\"{u}}nther R},
	keywords = {bounded diameter minimum spanning tree,branch-and-cut,integer linear programming},
	title = {{A New 0-1 ILP Approach for the Bounded Diameter Minimum Spanning Tree Problem}},
	year = {2005}
}

@techreport{Manyem,
	author = {Manyem, Prabhu and Stallmann, Matthias F. M.},
	title = {Some Approximation Results in Multicasting},
	year = {1996},
	publisher = {North Carolina State University at Raleigh},
	address = {USA}
}
@inbook{Dahl2008,
	author = {Dahl, Geir and Gouveia, Luis and Requejo, C.},
	year = {2006},
	month = {01},
	pages = {493-515},
	title = {On Formulations and Methods for the Hop-Constrained Minimum Spanning Tree Problem},
}

@article{Gouveia2011,
	author = {Gouveia, Luis and Simonetti, Luidi and Uchoa, Eduardo},
	journal = {Mathematical Programming},
	keywords = {Cutting planes,Integer programming: formulations,Networks/graphs: tree algorithms},
	month = {jun},
	number = {1-2},
	pages = {123--148},
	title = {{Modeling hop-constrained and diameter-constrained minimum spanning tree problems as Steiner tree problems over layered graphs}},
	volume = {128},
	year = {2011}
}

@article{Cheriton1976,
	author = {Cheriton, David and Tarjan, Robert Endre},
	journal = {SIAM Journal on Computing},
	keywords = {equivalence algorithm,graph algorithm,minimum spanning tree,priority queue},
	month = {dec},
	number = {4},
	pages = {724--742},
	publisher = {Society for Industrial {\&} Applied Mathematics (SIAM)},
	title = {{Finding Minimum Spanning Trees}},
	volume = {5},
	year = {1976}
}

@article{Edelson,
	author = {Edelson, William and Gargano, Michael},
	year = {2002},
	month = {01},
	pages = {},
	title = {Leaf constrained minimal spanning trees solved by a genetic algorithm},
	journal = {Congressus Numerantium}
}

@article{Gouveia1995,
	author = {Gouveia, Luis},
	journal = {Computers and Operations Research},
	month = {nov},
	number = {9},
	pages = {959--970},
	publisher = {Pergamon},
	title = {{Using the Miller-Tucker-Zemlin constraints to formulate a minimal spanning tree problem with hop constraints}},
	volume = {22},
	year = {1995}
}

@article{Gouveia2004,
	author = {Gouveia, Luis and Magnanti, Thomas and Requejo, C.},
	year = {2004},
	month = {12},
	pages = {254-265},
	title = {A 2-path approach for odd-diameter-constrained minimum spanning and Steiner trees},
	volume = {44},
	journal = {Networks},
}

@techreport{Dahl2005,
	author = {G. Dahl, T. Flatberg, N. Foldness and L. Gouveia},
	title = {Hop-constrained spanning trees: The jump formulation and a relax-and-cut method},
	year = {2005},
	address = {University of Oslo, Centre of Mathematics for Applications (CMA)}
}

@article{Noronha2008,
	author = {Noronha, Thiago F. and Santos, Andr{\'{e}}a C. and Ribeiro, Celso C.},
	journal = {Electronic Notes in Discrete Mathematics},
	month = {feb},
	number = {C},
	pages = {93--98},
	publisher = {North-Holland},
	title = {{Constraint Programming for the Diameter Constrained Minimum Spanning Tree Problem}},
	volume = {30},
	year = {2008}
}

@book{szwarcfiter2018teoria,
	title={Teoria Computacional De Grafos},
	author={Szwarcfiter, J.L.},
	year={2018},
	publisher={ELSEVIER (MEDICINA)}
}

@inproceedings{Campelo,
	author = {Campêlo, Manoel and Andrade, Rafael and Dias, Fabio and Sousa, Críston},
	year = {2013},
	month = {09},
	pages = {},
	title = {Problema de Árvore Geradora Mínima com Restrição de Grau Mínimo e Centrais Fixos}
}

@article{MACULAN1987185,
	title = "The Steiner Problem in Graphs",
	volume = "31",
	pages = "185 - 212",
	year = "1987",
	journal = "Annals of Discrete Mathematics",
	author = "Nelson Maculan"
}

@article{DAHL199821,
	title = "The 2-hop spanning tree problem",
	journal = "Operations Research Letters",
	volume = "23",
	number = "1",
	pages = "21 - 26",
	year = "1998",
	author = "Geir Dahl",
	keywords = "Integer programming, Hop-constrained spanning tree, Polyhedra"
}

@article{Mulvey1979,
	author = {Mulvey, John M. and Crowder, Harlan P.},
	title = {Cluster Analysis: An Application of Lagrangian Relaxation},
	journal = {Management Science},
	volume = {25},
	number = {4},
	pages = {329-340},
	year = {1979}
}

@article{Ho1991,
	author = {Ho, Jan Ming and Lee, D. T. and Chang, Chia Hsiang and Wong, C. K.},
	journal = {SIAM Journal on Computing},
	number = {5},
	pages = {987--997},
	title = {{Minimum diameter spanning trees and related problems}},
	volume = {20},
	year = {1991}
}

@article{Hassin1995,
	author = {Hassin, Refael and Tamir, Arie},
	journal = {Information Processing Letters},
	keywords = {Absolute 1-center,Algorithms,Combinatorial problems,Minimum diameter spanning tree},
	month = {jan},
	number = {2},
	pages = {109--111},
	title = {{On the minimum diameter spanning tree problem}},
	volume = {53},
	year = {1995}
}

@article{Kariv1979,
	author = {Kariv, O. and Hakimi, S. L.},
	journal = {SIAM Journal on Applied Mathematics},
	number = {3},
	pages = {513--538},
	title = {{An algorithmic approach to network location problems. I: The p-centers.}},
	volume = {37},
	year = {1979}
}

@article{Plesnik1981,
	author = {Plesnik, J.},
	journal = {Networks},
	number = {1},
	pages = {77--85},
	title = {{The complexity of designing a network with minimum diameter}},
	volume = {11},
	year = {1981}
}

@article{Hakimi1978,
	author = {Hakimi, S. L. and Schmeichel, E. F. and Pierce, J. G.},
	journal = {Transportation Science},
	month = {feb},
	number = {1},
	pages = {1--15},
	publisher = { INFORMS },
	title = {{On p-Centers in Networks}},
	volume = {12},
	year = {1978}
}

@article{Miller1960,
	author = {Miller, C. E. and Zemlin, R. A. and Tucker, A. W.},
	journal = {Journal of the ACM (JACM)},
	month = {oct},
	number = {4},
	pages = {326--329},
	title = {{Integer Programming Formulation of Traveling Salesman Problems}},
	volume = {7},
	year = {1960}
}

@incollection{Karp1972,
	author = {Karp, Richard M.},
	booktitle = {Complexity of Computer Computations},
	pages = {85--103},
	publisher = {Springer US},
	title = {{Reducibility among Combinatorial Problems}},
	year = {1972}
}

@article{Ding2014,
	author = {Ding, Wei and Qiu, Ke},
	journal = {Journal of Combinatorial Optimization},
	keywords = {Combinatorics,Convex and Discrete Geometry,Mathematical Modeling and Industrial Mathematics,Operations Research/Decision Theory,Optimization,Theory of Computation},
	month = {jan},
	number = {4},
	pages = {837--853},
	publisher = {Kluwer Academic Publishers},
	title = {{Algorithms for the minimum diameter terminal Steiner tree problem}},
	volume = {28},
	year = {2014}
}

@article{Goemans1993,
	author = {Goemans, Michel X. and Myung, Young-Soo},
	journal = {Networks},
	month = {jan},
	number = {1},
	pages = {19--28},
	publisher = {John Wiley {\&} Sons, Ltd},
	title = {{A catalog of steiner tree formulations}},
	volume = {23},
	year = {1993}
}

% @article{Maculan1987,
	% author = {Maculan, Nelson},
	% journal = {North-Holland Mathematics Studies},
	% month = {jan},
	% number = {C},
	% pages = {185--211},
	% publisher = {North-Holland},
	% title = {{The steiner problem in graphs}},
	% volume = {132},
	% year = {1987}
	% }

@article{Lu2003,
	author = {Lu, Chin Lung and Tang, Chuan Yi and Lee, Richard Chia Tung},
	journal = {Theoretical Computer Science},
	keywords = {Approximation algorithm,Evolutionary tree,Full Steiner tree problem,MAX SNP-hard,NP-complete,Phylogenetic tree},
	month = {sep},
	number = {1-3},
	pages = {55--67},
	publisher = {Elsevier},
	title = {{The full Steiner tree problem}},
	volume = {306},
	year = {2003}
}

@article{Lin2002,
	author = {Lin, Guohui and Xue, Guoliang},
	journal = {Information Processing Letters},
	keywords = {Approximation algorithms,Steiner minimum tree,Terminal Steiner tree},
	month = {oct},
	number = {2},
	pages = {103--107},
	title = {{On the terminal Steiner tree problem}},
	volume = {84},
	year = {2002}
}

@article{Ding2014,
	author = {Ding, Wei and Qiu, Ke},
	journal = {Journal of Combinatorial Optimization},
	keywords = {Combinatorics,Convex and Discrete Geometry,Mathematical Modeling and Industrial Mathematics,Operations Research/Decision Theory,Optimization,Theory of Computation},
	month = {jan},
	number = {4},
	pages = {837--853},
	publisher = {Kluwer Academic Publishers},
	title = {{Algorithms for the minimum diameter terminal Steiner tree problem}},
	volume = {28},
	year = {2014}
}

@ARTICLE{CGR92,
	author      = "S. Chopra and E.R. Gorres and M.R. Rao",
	title       = "Solving the {Steiner} tree problem on a graph using Branch and Cut",
	journal     = "ORSA Journal on Computing",
	volume      = "4",
	year        = "1992",
	pages       = "320--335",
}

@article{DunningHuchetteLubin2017,
	author = {Iain Dunning and Joey Huchette and Miles Lubin},
	title = {JuMP: A Modeling Language for Mathematical Optimization},
	journal = {SIAM Review},
	volume = {59},
	number = {2},
	pages = {295-320},
	year = {2017}
}

@misc{Bromberger17,
	author       = {Seth Bromberger, James Fairbanks, and other contributors},
	title        = {JuliaGraphs/LightGraphs.jl: an optimized graphs package for the Julia programming language},
	year         = 2017}
}

@techreport{Gouveia2008,
	author = {Gouveia, Luis and Simonetti, Luidi and Uchoa, Eduardo},
	title = {Modelling hop-constrained and diameter-constrained minimum spanning tree problems as Steiner tree problems over layered graphs},
	year = {2008},
	volume = {8},
	publisher = {Universidade Federal Fluminense, Engenharia de Produção, Niterói, Brazil}
}

@techreport{Harris1955,
	author = {Harris, T E and Ross, F S},
	keywords = {Capacity restraint,Railroad transportation,Railroad travel,Railroads},
	number = {October},
	pages = {58},
	title = {{Fundamental of a method for evaluating rail net capacities}},
	year = {1955}
}

@article{Beasley1990,
	author = {Beasley, J.},
	title = {OR-Library: Distributing Test Problems by Electronic Mail.},
	journal = {J Oper Res Soc 41},
	year = {1990}
}

@misc{Dinic1970,
	author = {Dinic, E.a. a},
	booktitle = {Soviet Math. Dokl},
	number = {5},
	pages = {1277--1280},
	title = {{Algorithm for solution of a problem of maximum flow in networks with power estimation}},
	volume = {11},
	year = {1970}
}

@article{Waissi1991,
	author = {Waissi, Gary R.},
	journal = {Applied Mathematics Letters},
	month = {jan},
	number = {5},
	publisher = {Pergamon},
	title = {{Worst case behavior of the Dinic algorithm}},
	volume = {4},
	year = {1991}
}

@article{Gomory1958,
	author = {Gomory, Ralph E.},
	journal = {Bulletin of the American Mathematical Society},
	number = {5},
	pages = {275--278},
	title = {{Outline of an Algorithm for Integer Solutions to Linear Programs}},
	volume = {64},
	year = {1958}
}

@inproceedings{gouveia2000modelling,
	title={Modelling and solving the diameter-constrained minimum spanning tree problem},
	author={Gouveia, L and Magnanti, TL},
	booktitle={Fifth INFORMS Telecommunications Conference},
	year={2000}
}

@inproceedings{broder1989generating,
  title={Generating random spanning trees},
  author={Broder, Andrei Z},
  booktitle={FOCS},
  volume={89},
  pages={442--447},
  year={1989}
}

@thesis{Amanda2021,
    title = {Árvores de Diâmetro Mínimo Sujeitas a Restrição de Orçamento},
    year = {2021},
    author = {Amanda Azevedo, Abilio Lucena}
    }
 
@article{Metropolis1953,
  doi = {10.1063/1.1699114},
  url = {https://doi.org/10.1063/1.1699114},
  year = {1953},
  month = jun,
  publisher = {{AIP} Publishing},
  volume = {21},
  number = {6},
  pages = {1087--1092},
  author = {Nicholas Metropolis and Arianna W. Rosenbluth and Marshall N. Rosenbluth and Augusta H. Teller and Edward Teller},
  title = {Equation of State Calculations by Fast Computing Machines},
  journal = {The Journal of Chemical Physics}
}

@article{Cern1985,
  doi = {10.1007/bf00940812},
  url = {https://doi.org/10.1007/bf00940812},
  year = {1985},
  month = jan,
  publisher = {Springer Science and Business Media {LLC}},
  volume = {45},
  number = {1},
  pages = {41--51},
  author = {V. {\v{C}}ern{\'{y}}},
  title = {Thermodynamical approach to the traveling salesman problem: An efficient simulation algorithm},
  journal = {Journal of Optimization Theory and Applications}
}
    
@article{Kirkpatrick1983,
  doi = {10.1126/science.220.4598.671},
  url = {https://doi.org/10.1126/science.220.4598.671},
  year = {1983},
  month = may,
  publisher = {American Association for the Advancement of Science ({AAAS})},
  volume = {220},
  number = {4598},
  pages = {671--680},
  author = {S. Kirkpatrick and C. D. Gelatt and M. P. Vecchi},
  title = {Optimization by Simulated Annealing},
  journal = {Science}
}

@article{Maxwell1860,
  doi = {10.1080/14786446008642818},
  url = {https://doi.org/10.1080/14786446008642818},
  year = {1860},
  month = jan,
  publisher = {Informa {UK} Limited},
  volume = {19},
  number = {124},
  pages = {19--32},
  author = {J. C. Maxwell},
  title = {V. Illustrations of the dynamical theory of gases.{\textemdash}Part I. On the motions and collisions of perfectly elastic spheres},
  journal = {The London,  Edinburgh,  and Dublin Philosophical Magazine and Journal of Science}
}

@book{Olle2002,
  doi = {10.1017/cbo9780511613586},
  url = {https://doi.org/10.1017/cbo9780511613586},
  year = {2002},
  month = may,
  publisher = {Cambridge University Press},
  author = {Olle H\"{a}ggstr\"{o}m},
  title = {Finite Markov Chains and Algorithmic Applications}
}

@article{Martin1996,
  doi = {10.1007/bf02601639},
  url = {https://doi.org/10.1007/bf02601639},
  year = {1996},
  month = feb,
  publisher = {Springer Science and Business Media {LLC}},
  volume = {63},
  number = {1},
  pages = {57--75},
  author = {Olivier C. Martin and Steve W. Otto},
  title = {Combining simulated annealing with local search heuristics},
  journal = {Annals of Operations Research}
}

@article{Hastings1970,
  doi = {10.1093/biomet/57.1.97},
  url = {https://doi.org/10.1093/biomet/57.1.97},
  year = {1970},
  month = apr,
  publisher = {Oxford University Press ({OUP})},
  volume = {57},
  number = {1},
  pages = {97--109},
  author = {W. K. Hastings},
  title = {Monte Carlo sampling methods using Markov chains and their applications},
  journal = {Biometrika}
}

@article{Wilhelm1987,
  doi = {10.1080/07408178708975376},
  url = {https://doi.org/10.1080/07408178708975376},
  year = {1987},
  month = mar,
  publisher = {Informa {UK} Limited},
  volume = {19},
  number = {1},
  pages = {107--119},
  author = {Mickey R. Wilhelm and Thomas L. Ward},
  title = {Solving Quadratic Assignment Problems by `Simulated Annealing'},
  journal = {{IIE} Transactions}
}